@inproceedings{FRODO,
	Author = {Thomas L{\'e}aut{\'e} and Brammert Ottens and Radoslaw Szymanek},
	Title = {{FRODO~2.0}: An Open-Source Framework for Distributed Constraint Optimization},
	Booktitle = {Proceedings of the IJCAI'09 Distributed Constraint Reasoning Workshop (DCR'09)},
	Pages = {160--164},
	Address = {Pasadena, California, USA},
	Month = {July~13},
	Year = {2009},
	Note = {\url{https://frodo-ai.tech}}
}

